<record><leader>00000cas a2200000 a 4500</leader><controlfield tag="001">17003525</controlfield><controlfield tag="008">871119d19871998caucr ne      0   a0eng c</controlfield><datafield ind1=" " ind2=" " tag="010"><subfield code="a">sn 91000666 </subfield></datafield><datafield ind1=" " ind2=" " tag="040"><subfield code="a">CHU</subfield><subfield code="b">eng</subfield><subfield code="c">CHU</subfield><subfield code="d">NSD</subfield><subfield code="d">CNK</subfield><subfield code="d">OCL</subfield><subfield code="d">OCLCQ</subfield><subfield code="d">CNK</subfield><subfield code="d">OCLCQ</subfield><subfield code="d">DLC</subfield><subfield code="d">OCLCQ</subfield><subfield code="d">OCLCF</subfield><subfield code="d">OCLCO</subfield></datafield><datafield ind1=" " ind2=" " tag="012"><subfield code="m">1</subfield></datafield><datafield ind1="1" ind2=" " tag="022"><subfield code="a">1056-9510</subfield><subfield code="l">1056-9510</subfield><subfield code="2">1</subfield></datafield><datafield ind1="1" ind2=" " tag="029"><subfield code="a">AU@</subfield><subfield code="b">000020665784</subfield></datafield><datafield ind1=" " ind2=" " tag="032"><subfield code="a">151660</subfield><subfield code="b">USPS</subfield></datafield><datafield ind1=" " ind2=" " tag="037"><subfield code="b">The Triplicate, POB 277, Crescent City, CA 95531-0277</subfield></datafield><datafield ind1=" " ind2=" " tag="042"><subfield code="a">nsdp</subfield><subfield code="a">pcc</subfield></datafield><datafield ind1=" " ind2=" " tag="043"><subfield code="a">n-us-ca</subfield></datafield><datafield ind1=" " ind2="4" tag="222"><subfield code="a">The Triplicate</subfield><subfield code="b">(Crescent City, Calif.)</subfield></datafield><datafield ind1="0" ind2="4" tag="245"><subfield code="a">The Triplicate.</subfield></datafield><datafield ind1=" " ind2=" " tag="260"><subfield code="a">Crescent City, Calif. :</subfield><subfield code="b">Hadley Newspapers,</subfield><subfield code="c">1987-</subfield></datafield><datafield ind1=" " ind2=" " tag="300"><subfield code="a">v. :</subfield><subfield code="b">ill.</subfield></datafield><datafield ind1=" " ind2=" " tag="310"><subfield code="a">Semiweekly</subfield></datafield><datafield ind1="0" ind2=" " tag="362"><subfield code="a">Vol. 108, no. 12 (Feb. 20, 1987)-v. 119, no. 43 (Feb. 28, 1998).</subfield></datafield><datafield ind1=" " ind2=" " tag="530"><subfield code="a">Master negatives are available for duplication from:</subfield><subfield code="b">California Newspaper Microfilm Archive;</subfield><subfield code="c">positive copies may be purchased by the reel; for further information consult the CNMA at:</subfield><subfield code="u">http://cbsr.ucr.edu</subfield></datafield><datafield ind1=" " ind2=" " tag="588"><subfield code="a">Latest issue consulted: Vol. 112, no. 89 (May 8, 1991).</subfield></datafield><datafield ind1=" " ind2="0" tag="651"><subfield code="a">Del Norte County (Calif.)</subfield><subfield code="v">Newspapers.</subfield></datafield><datafield ind1=" " ind2="7" tag="655"><subfield code="a">Newspapers.</subfield><subfield code="2">fast</subfield><subfield code="0">(OCoLC)fst01423814</subfield></datafield><datafield ind1=" " ind2="7" tag="651"><subfield code="a">California</subfield><subfield code="z">Del Norte County.</subfield><subfield code="2">fast</subfield><subfield code="0">(OCoLC)fst01215841</subfield></datafield><datafield ind1=" " ind2=" " tag="752"><subfield code="a">United States</subfield><subfield code="b">California</subfield><subfield code="c">Del Norte</subfield><subfield code="d">Crescent City.</subfield></datafield><datafield ind1="0" ind2="0" tag="780"><subfield code="t">Del Norte triplicate</subfield><subfield code="w">(DLC)sn 93052968</subfield><subfield code="w">(OCoLC)4563781</subfield></datafield><datafield ind1="0" ind2="0" tag="785"><subfield code="t">Daily triplicate</subfield><subfield code="w">(DLC)sn 98061667</subfield><subfield code="w">(OCoLC)40352335</subfield></datafield></record>